<record><leader>00000cas a22000007a 4500</leader><controlfield tag="001">13519849</controlfield><controlfield tag="008">860502d19061911nvuwr ne      0    0eng d</controlfield><datafield ind1=" " ind2=" " tag="010"><subfield code="a">sn 86076116 </subfield></datafield><datafield ind1=" " ind2=" " tag="040"><subfield code="a">NNX</subfield><subfield code="b">eng</subfield><subfield code="c">NNX</subfield><subfield code="d">OCLCQ</subfield></datafield><datafield ind1=" " ind2=" " tag="042"><subfield code="a">msc</subfield></datafield><datafield ind1="0" ind2="4" tag="245"><subfield code="a">The Manhattan mail.</subfield></datafield><datafield ind1=" " ind2=" " tag="260"><subfield code="a">Manhattan, Nev. :</subfield><subfield code="b">Haworth, Anderson &amp; Co.,</subfield><subfield code="c">-1911.</subfield></datafield><datafield ind1=" " ind2=" " tag="300"><subfield code="a">v. :</subfield><subfield code="b">ill.</subfield></datafield><datafield ind1=" " ind2=" " tag="310"><subfield code="a">Weekly</subfield></datafield><datafield ind1="0" ind2=" " tag="362"><subfield code="a">-v. 6, no. 25 (June 24, 1911).</subfield></datafield><datafield ind1="1" ind2=" " tag="362"><subfield code="a">Began with Jan. 10, 1906 issue.</subfield><subfield code="z">Cf. Lingenfelter, R. Newspapers of Nev., 1854-1979.</subfield></datafield><datafield ind1=" " ind2=" " tag="500"><subfield code="a">Publisher: &lt;June 12, 1907&gt;-July 2, 1910, L.W. Haworth; July 9, 1910-Oct. 15, 1910, F.F. Garside; Oct. 22, 1910-&lt;Jan. 7, 1911&gt;, R.R. Mighels; &lt;Jan. 28, 1911&gt;-June 24, 1911, N.M. Mix.</subfield></datafield><datafield ind1="8" ind2=" " tag="521"><subfield code="a">Mining.</subfield></datafield><datafield ind1=" " ind2=" " tag="588"><subfield code="a">Description based on: Vol. 1, no. 19 (May 16, 1906).</subfield></datafield><datafield ind1=" " ind2=" " tag="752"><subfield code="a">United States</subfield><subfield code="b">Nevada</subfield><subfield code="c">Nye</subfield><subfield code="d">Manhattan.</subfield></datafield></record>